<record><leader>00000cas a22000007a 4500</leader><controlfield tag="001">12831328</controlfield><controlfield tag="008">851122d19281982ohudr ne      0    0eng  </controlfield><controlfield tag="009">466</controlfield><datafield ind1=" " ind2=" " tag="010"><subfield code="a">sn 85042755 </subfield></datafield><datafield ind1=" " ind2=" " tag="040"><subfield code="a">DLC</subfield><subfield code="b">eng</subfield><subfield code="c">DLC</subfield><subfield code="d">ONP</subfield><subfield code="d">DLC</subfield><subfield code="d">ONP</subfield><subfield code="d">OCLCQ</subfield></datafield><datafield ind1="1" ind2=" " tag="029"><subfield code="a">AU@</subfield><subfield code="b">000024686041</subfield></datafield><datafield ind1=" " ind2=" " tag="042"><subfield code="a">msc</subfield></datafield><datafield ind1="0" ind2="0" tag="050"><subfield code="a">Newspaper 7002</subfield></datafield><datafield ind1="0" ind2=" " tag="130"><subfield code="a">Sun (Springfield, Ohio : 1928)</subfield></datafield><datafield ind1="0" ind2="4" tag="245"><subfield code="a">The Sun.</subfield></datafield><datafield ind1="3" ind2="0" tag="246"><subfield code="a">Springfield news-sun</subfield></datafield><datafield ind1=" " ind2=" " tag="260"><subfield code="a">Springfield, Ohio :</subfield><subfield code="b">Sun Pub. Co.,</subfield><subfield code="c">1928-1982.</subfield></datafield><datafield ind1=" " ind2=" " tag="300"><subfield code="a">v.</subfield></datafield><datafield ind1=" " ind2=" " tag="310"><subfield code="a">Daily</subfield></datafield><datafield ind1="0" ind2=" " tag="362"><subfield code="a">Vol. 34, no. 223 (Apr. 20, 1928)-v. 55, no. 1 (May 2, 1982).</subfield></datafield><datafield ind1=" " ind2=" " tag="500"><subfield code="a">Beginning in May 1928, in conjunction with the Springfield daily news (Springfield Ohio : 1909), issued a Sunday edition called: Springfield news-sun.</subfield></datafield><datafield ind1=" " ind2=" " tag="515"><subfield code="a">Sunday edition has own numbering.</subfield></datafield><datafield ind1=" " ind2="4" tag="651"><subfield code="a">Springfield (Ohio)</subfield><subfield code="v">Newspapers.</subfield></datafield><datafield ind1=" " ind2="4" tag="651"><subfield code="a">Clark County (Ohio)</subfield><subfield code="v">Newspapers.</subfield></datafield><datafield ind1=" " ind2=" " tag="752"><subfield code="a">United States</subfield><subfield code="b">Ohio</subfield><subfield code="c">Clark</subfield><subfield code="d">Springfield.</subfield></datafield><datafield ind1="0" ind2="0" tag="780"><subfield code="t">Springfield daily sun</subfield><subfield code="w">(DLC)sn 91069955</subfield></datafield><datafield ind1="0" ind2="7" tag="785"><subfield code="t">Springfield daily news (Springfield, Ohio : 1909)</subfield><subfield code="w">(DLC)sn 83035415</subfield></datafield><datafield ind1="0" ind2="7" tag="785"><subfield code="t">Springfield news-sun</subfield><subfield code="w">(DLC)sn 82003811</subfield></datafield></record>